@inproceedings{suriyarachchi2023optimization,
  title={Optimization-based coordination and control of traffic lights and mixed traffic in multi-intersection environments},
  author={Suriyarachchi, Nilesh and Quirynen, Rien and Baras, John S and Di Cairano, Stefano},
  booktitle={2023 American Control Conference (ACC)},
  pages={3162--3168},
  year={2023},
  organization={IEEE}
}

@inproceedings{firoozi2022coordination,
  title={Coordination of autonomous vehicles and dynamic traffic rules in mixed automated/manual traffic},
  author={Firoozi, Roya and Quirynen, Rien and Di Cairano, Stefano},
  booktitle={2022 American Control Conference (ACC)},
  pages={1030--1035},
  year={2022},
  organization={IEEE}
}

@inproceedings{ravikumar2021mixed,
  title={Mixed-integer programming for centralized coordination of connected and automated vehicles in dynamic environment},
  author={Ravikumar, Shreejith and Quirynen, Rien and Bhagat, Akshay and Zeino, Eyad and Di Cairano, Stefano},
  booktitle={2021 IEEE Conference on Control Technology and Applications (CCTA)},
  pages={814--819},
  year={2021},
  organization={IEEE}
}

@article{guo2023cotv,
  title={CoTV: Cooperative control for traffic light signals and connected autonomous vehicles using deep reinforcement learning},
  author={Guo, Jiaying and Cheng, Long and Wang, Shen},
  journal={IEEE Transactions on Intelligent Transportation Systems},
  year={2023},
  publisher={IEEE}
}

@article{ghosh2022traffic,
  title={Traffic control in a mixed autonomy scenario at urban intersections: An optimal control approach},
  author={Ghosh, Arnob and Parisini, Thomas},
  journal={IEEE Transactions on Intelligent Transportation Systems},
  volume={23},
  number={10},
  pages={17325--17341},
  year={2022},
  publisher={IEEE}
}

@article{kamal2019development,
  title={Development and evaluation of an adaptive traffic signal control scheme under a mixed-automated traffic scenario},
  author={Kamal, Md Abdus Samad and Hayakawa, Tomohisa and Imura, Jun-ichi},
  journal={IEEE Transactions on Intelligent Transportation Systems},
  volume={21},
  number={2},
  pages={590--602},
  year={2019},
  publisher={IEEE}
}

@article{guo2019urban,
  title={Urban traffic signal control with connected and automated vehicles: A survey},
  author={Guo, Qiangqiang and Li, Li and Ban, Xuegang Jeff},
  journal={Transportation research part C: emerging technologies},
  volume={101},
  pages={313--334},
  year={2019},
  publisher={Elsevier}
}

@article{li2023survey,
  title={A survey on urban traffic control under mixed traffic environment with connected automated vehicles},
  author={Li, Jinjue and Yu, Chunhui and Shen, Zilin and Su, Zicheng and Ma, Wanjing},
  journal={Transportation research part C: emerging technologies},
  volume={154},
  pages={104258},
  year={2023},
  publisher={Elsevier}
}

@article{du2021coupled,
  title={A coupled vehicle-signal control method at signalized intersections in mixed traffic environment},
  author={Du, Yu and ShangGuan, Wei and Chai, Linguo},
  journal={IEEE Transactions on Vehicular Technology},
  volume={70},
  number={3},
  pages={2089--2100},
  year={2021},
  publisher={IEEE}
}

@article{tajalli2021traffic,
  title={Traffic signal timing and trajectory optimization in a mixed autonomy traffic stream},
  author={Tajalli, Mehrdad and Hajbabaie, Ali},
  journal={IEEE Transactions on Intelligent Transportation Systems},
  volume={23},
  number={7},
  pages={6525--6538},
  year={2021},
  publisher={IEEE}
}

@article{lefkopoulos2020interaction,
  title={Interaction-aware motion prediction for autonomous driving: A multiple model kalman filtering scheme},
  author={Lefkopoulos, Vasileios and Menner, Marcel and Domahidi, Alexander and Zeilinger, Melanie N},
  journal={IEEE Robotics and Automation Letters},
  volume={6},
  number={1},
  pages={80--87},
  year={2020},
  publisher={IEEE}
}


@inproceedings{hu2022active,
  title={Active uncertainty reduction for human-robot interaction: An implicit dual control approach},
  author={Hu, Haimin and Fisac, Jaime F},
  booktitle={International Workshop on the Algorithmic Foundations of Robotics},
  pages={385--401},
  year={2022},
  organization={Springer}
}

@inproceedings{arcari2020dual,
  title={Dual stochastic MPC for systems with parametric and structural uncertainty},
  author={Arcari, Elena and Hewing, Lukas and Schlichting, Max and Zeilinger, Melanie},
  booktitle={Learning for Dynamics and Control},
  pages={894--903},
  year={2020},
  organization={PMLR}
}

@inproceedings{stellato2018embedded,
  title={Embedded mixed-integer quadratic optimization using the OSQP solver},
  author={Stellato, Bartolomeo and Naik, Vihangkumar V and Bemporad, Alberto and Goulart, Paul and Boyd, Stephen},
  booktitle={2018 European Control Conference (ECC)},
  pages={1536--1541},
  year={2018},
  organization={IEEE}
}

@article{burger2023gauss,
  title={A Gauss--Newton-based decomposition algorithm for nonlinear mixed-integer optimal control problems},
  author={B{\"u}rger, Adrian and Zeile, Clemens and Altmann-Dieses, Angelika and Sager, Sebastian and Diehl, Moritz},
  journal={Automatica},
  volume={152},
  pages={110967},
  year={2023},
  publisher={Elsevier}
}

@article{heirung2019model,
  title={Model predictive control with active learning for stochastic systems with structural model uncertainty: Online model discrimination},
  author={Heirung, Tor Aksel N and Santos, Tito LM and Mesbah, Ali},
  journal={Computers \& Chemical Engineering},
  volume={128},
  pages={128--140},
  year={2019},
  publisher={Elsevier}
}

@article{katriniok2022fully,
  title={Fully distributed model predictive control of connected automated vehicles in intersections: Theory and vehicle experiments},
  author={Katriniok, Alexander and Rosarius, Benedikt and M{\"a}h{\"o}nen, Petri},
  journal={IEEE Transactions on Intelligent Transportation Systems},
  volume={23},
  number={10},
  pages={18288--18300},
  year={2022},
  publisher={IEEE}
}

@article{scheffe2023reducing,
  title={Reducing Computation Time with Priority Assignment in Distributed MPC},
  author={Scheffe, Patrick and Kahle, Julius and Alrifaee, Bassam},
  journal={Authorea Preprints},
  year={2023},
  publisher={Authorea}
}

@article{huang2023decentralized,
  title={Decentralized iLQR for cooperative trajectory planning of connected autonomous vehicles via dual consensus ADMM},
  author={Huang, Zhenmin and Shen, Shaojie and Ma, Jun},
  journal={IEEE Transactions on Intelligent Transportation Systems},
  year={2023},
  publisher={IEEE}
}

@inproceedings{liu2022distributed,
  title={Distributed solution of mixed-integer programs by ADMM with closed duality Gap},
  author={Liu, Zonglin and Stursberg, Olaf},
  booktitle={2022 IEEE 61st Conference on Decision and Control (CDC)},
  pages={279--286},
  year={2022},
  organization={IEEE}
}

@inproceedings{liu2021distributed,
  title={Distributed solution of MIQP problems arising for networked systems with coupling constraints},
  author={Liu, Zonglin and Stursberg, Olaf},
  booktitle={2021 European Control Conference (ECC)},
  pages={2420--2425},
  year={2021},
  organization={IEEE}
}

@article{takapoui2020simple,
  title={A simple effective heuristic for embedded mixed-integer quadratic programming},
  author={Takapoui, Reza and Moehle, Nicholas and Boyd, Stephen and Bemporad, Alberto},
  journal={International journal of control},
  volume={93},
  number={1},
  pages={2--12},
  year={2020},
  publisher={Taylor \& Francis}
}


@article{liu2020efficient,
  title={Efficient solution of distributed MILP in control of networked systems},
  author={Liu, Zonglin and Stursberg, Olaf},
  journal={IFAC-PapersOnLine},
  volume={53},
  number={2},
  pages={6723--6729},
  year={2020},
  publisher={Elsevier}
}

@article{falsone2020tracking,
  title={Tracking-ADMM for distributed constraint-coupled optimization},
  author={Falsone, Alessandro and Notarnicola, Ivano and Notarstefano, Giuseppe and Prandini, Maria},
  journal={Automatica},
  volume={117},
  pages={108962},
  year={2020},
  publisher={Elsevier}
}

@article{niroumand2023white,
  title={White phase intersection control through distributed coordination: A mobile controller paradigm in a mixed traffic stream},
  author={Niroumand, Ramin and Hajibabai, Leila and Hajbabaie, Ali},
  journal={IEEE Transactions on Intelligent Transportation Systems},
  volume={24},
  number={3},
  pages={2993--3007},
  year={2023},
  publisher={IEEE}
}

@article{vujanic2016decomposition,
  title={A decomposition method for large scale MILPs, with performance guarantees and a power system application},
  author={Vujanic, Robin and Esfahani, Peyman Mohajerin and Goulart, Paul J and Mari{\'e}thoz, S{\'e}bastien and Morari, Manfred},
  journal={Automatica},
  volume={67},
  pages={144--156},
  year={2016},
  publisher={Elsevier}
}

@article{ioan2021mixed,
  title={Mixed-integer programming in motion planning},
  author={Ioan, Daniel and Prodan, Ionela and Olaru, Sorin and Stoican, Florin and Niculescu, Silviu-Iulian},
  journal={Annual Reviews in Control},
  volume={51},
  pages={65--87},
  year={2021},
  publisher={Elsevier}
}

@inproceedings{camisa2018primal,
  title={A primal decomposition method with suboptimality bounds for distributed mixed-integer linear programming},
  author={Camisa, Andrea and Notarnicola, Ivano and Notarstefano, Giuseppe},
  booktitle={2018 IEEE Conference on Decision and Control (CDC)},
  pages={3391--3396},
  year={2018},
  organization={IEEE}
}

@article{falsone2019decentralized,
  title={A decentralized approach to multi-agent MILPs: finite-time feasibility and performance guarantees},
  author={Falsone, Alessandro and Margellos, Kostas and Prandini, Maria},
  journal={Automatica},
  volume={103},
  pages={141--150},
  year={2019},
  publisher={Elsevier}
}

@article{camisa2021distributed,
  title={Distributed primal decomposition for large-scale MILPs},
  author={Camisa, Andrea and Notarnicola, Ivano and Notarstefano, Giuseppe},
  journal={IEEE Transactions on Automatic Control},
  volume={67},
  number={1},
  pages={413--420},
  year={2021},
  publisher={IEEE}
}

@article{testa2019distributed,
  title={Distributed mixed-integer linear programming via cut generation and constraint exchange},
  author={Testa, Andrea and Rucco, Alessandro and Notarstefano, Giuseppe},
  journal={IEEE Transactions on Automatic Control},
  volume={65},
  number={4},
  pages={1456--1467},
  year={2019},
  publisher={IEEE}
}

@article{falsone2018distributed,
  title={A distributed iterative algorithm for multi-agent MILPs: Finite-time feasibility and performance characterization},
  author={Falsone, Alessandro and Margellos, Kostas and Prandini, Maria},
  journal={IEEE control systems letters},
  volume={2},
  number={4},
  pages={563--568},
  year={2018},
  publisher={IEEE}
}

@inproceedings{sun2018distributed,
  title={Distributed optimization for convex mixed-integer programs based on projected subgradient algorithm},
  author={Sun, Chuangchuang and Dai, Ran},
  booktitle={2018 IEEE Conference on Decision and Control (CDC)},
  pages={2581--2586},
  year={2018},
  organization={IEEE}
}

@article{wright2015coordinate,
  title={Coordinate descent algorithms},
  author={Wright, Stephen J},
  journal={Mathematical programming},
  volume={151},
  number={1},
  pages={3--34},
  year={2015},
  publisher={Springer}
}

@article{bertsekas1997nonlinear,
  title={Nonlinear programming},
  author={Bertsekas, Dimitri P},
  journal={Journal of the Operational Research Society},
  volume={48},
  number={3},
  pages={334--334},
  year={1997},
  publisher={Taylor \& Francis}
}

@article{shi2016primer,
  title={A primer on coordinate descent algorithms},
  author={Shi, Hao-Jun Michael and Tu, Shenyinying and Xu, Yangyang and Yin, Wotao},
  journal={arXiv preprint arXiv:1610.00040},
  year={2016}
}

@article{li2015convergence,
  title={On convergence of the maximum block improvement method},
  author={Li, Zhening and Uschmajew, Andr{\'e} and Zhang, Shuzhong},
  journal={SIAM Journal on Optimization},
  volume={25},
  number={1},
  pages={210--233},
  year={2015},
  publisher={SIAM}
}


@article{chen2012maximum,
  title={Maximum block improvement and polynomial optimization},
  author={Chen, Bilian and He, Simai and Li, Zhening and Zhang, Shuzhong},
  journal={SIAM Journal on Optimization},
  volume={22},
  number={1},
  pages={87--107},
  year={2012},
  publisher={SIAM}
}

@article{tseng2001convergence,
  title={Convergence of a block coordinate descent method for nondifferentiable minimization},
  author={Tseng, Paul},
  journal={Journal of optimization theory and applications},
  volume={109},
  pages={475--494},
  year={2001},
  publisher={Springer}
}

@article{yfantis2023hierarchical,
  title={Hierarchical distributed optimization of constraint-coupled convex and mixed-integer programs using approximations of the dual function},
  author={Yfantis, Vassilios and Wenzel, Simon and Wagner, Achim and Ruskowski, Martin and Engell, Sebastian},
  journal={EURO Journal on Computational Optimization},
  volume={11},
  pages={100058},
  year={2023},
  publisher={Elsevier}
}

@inproceedings{klostermeier2024numerical,
  title={A Numerical Study on the Parallelization of Dual Decomposition-based Distributed Mixed-Integer Programming},
  author={Klostermeier, Mario and Yfantis, Vassilios and Wagner, Achim and Ruskowski, Martin},
  booktitle={2024 European Control Conference (ECC)},
  pages={2724--2729},
  year={2024},
  organization={IEEE}
}

@article{silverman1972primal,
  title={Primal decomposition of mathematical programs by resource allocation: I—Basic theory and a direction-finding procedure},
  author={Silverman, Gary J},
  journal={Operations Research},
  volume={20},
  number={1},
  pages={58--74},
  year={1972},
  publisher={INFORMS}
}

@article{geissler2017penalty,
  title={Penalty alternating direction methods for mixed-integer optimization: A new view on feasibility pumps},
  author={Geissler, Bjorn and Morsi, Antonio and Schewe, Lars and Schmidt, Martin},
  journal={SIAM Journal on Optimization},
  volume={27},
  number={3},
  pages={1611--1636},
  year={2017},
  publisher={SIAM}
}

@article{boland2012new,
  title={A new approach to the feasibility pump in mixed integer programming},
  author={Boland, Natashia L and Eberhard, Andrew C and Engineer, F and Tsoukalas, Angelos},
  journal={SIAM Journal on Optimization},
  volume={22},
  number={3},
  pages={831--861},
  year={2012},
  publisher={SIAM}
}

@article{notarnicola2019constraint,
  title={Constraint-coupled distributed optimization: A relaxation and duality approach},
  author={Notarnicola, Ivano and Notarstefano, Giuseppe},
  journal={IEEE Transactions on Control of Network Systems},
  volume={7},
  number={1},
  pages={483--492},
  year={2019},
  publisher={IEEE}
}

@article{bertsekas1979convexification,
  title={Convexification procedures and decomposition methods for nonconvex optimization problems},
  author={Bertsekas, Dimitri P},
  journal={Journal of Optimization Theory and Applications},
  volume={29},
  number={2},
  pages={169--197},
  year={1979},
  publisher={Springer}
}

@inproceedings{dinh2013dual,
  title={A dual decomposition algorithm for separable nonconvex optimization using the penalty function framework},
  author={Dinh, Quoc Tran and Necoara, Ion and Diehl, Moritz},
  booktitle={52nd IEEE Conference on Decision and Control},
  pages={2372--2377},
  year={2013},
  organization={IEEE}
}

@article{yang2022proximal,
  title={Proximal admm for nonconvex and nonsmooth optimization},
  author={Yang, Yu and Jia, Qing-Shan and Xu, Zhanbo and Guan, Xiaohong and Spanos, Costas J},
  journal={Automatica},
  volume={146},
  pages={110551},
  year={2022},
  publisher={Elsevier}
}

@article{deng2017parallel,
  title={Parallel multi-block ADMM with O (1/k) convergence},
  author={Deng, Wei and Lai, Ming-Jun and Peng, Zhimin and Yin, Wotao},
  journal={Journal of Scientific Computing},
  volume={71},
  pages={712--736},
  year={2017},
  publisher={Springer}
}