%% This BibTeX bibliography file was created using BibDesk.
%% https://bibdesk.sourceforge.io/

%% Created for Andreas Malikopoulos at 2024-08-23 16:05:34 -0400 


%% Saved with string encoding Unicode (UTF-8) 

@article{le2024distributed,
	arxivid = {arXiv:2409.10864},
	title={{Distributed Optimization for Traffic Light Control and Connected Automated Vehicle Coordination in Mixed-Traffic Intersections}},
	author={Le, Viet-Anh and Malikopoulos, Andreas A},
	journal={arXiv preprint arXiv:2409.10864},
	year={2024}
}

@inproceedings{Chremos2024,
	author = {Chremos, I.V. and Bang, H. and Dave, A. and Le, V.-A. and Malikopoulos, A.A.},
	booktitle = {22nd European Control Conference (ECC)},
	date-added = {2024-05-28 12:57:07 -0400},
	date-modified = {2024-05-28 12:58:49 -0400},
	title = {A Study of an Atomic Mobility Game With Uncertainty Under Cumulative Prospect Theory},
	year = {2024 (to appear)}}

@inproceedings{Malikopoulos2024,
	author = {Malikopoulos, Andreas A},
	booktitle = {22nd European Control Conference (ECC)},
	date-added = {2024-04-01 15:26:52 -0400},
	date-modified = {2024-04-01 15:28:52 -0400},
	title = {Combining Learning and Control in Linear Systems},
	year = {2024 (to appear) (arxiv: 2310.14409)}}

@article{10551377,
	author = {Tzortzoglou, Filippos N. and Beaver, Logan E. and Malikopoulos, Andreas A.},
	doi = {10.1109/LCSYS.2024.3410629},
	journal = {IEEE Control Systems Letters},
	keywords = {Trajectory;Polynomials;Optimization;Interpolation;Safety;Cruise control;Boundary conditions;Connected automated vehicles;Traffic flow;Interpolation},
	pages = {1-1},
	title = {A Feasibility Analysis at Signal-Free Intersections},
	year = {2024},
	bdsk-url-1 = {https://doi.org/10.1109/LCSYS.2024.3410629}}

@article{bang2024emergingequity,
	author = {Bang, Heeseung and Dave, Aditya and Tzortzoglou, Filippos and Wang, Shanting and Malikopoulos, Andreas A},
	journal = {IEEE Transactions on Intelligent Transportation Systems},
	title = {On Mobility Equity and the Promise of Emerging Transportation Systems},
	year = {2024 (in review)}}

@inproceedings{bang2024cts,
	author = {Bang, Heeseung and Dave, Aditya and Tzortzoglou, Filippos and Malikopoulos, Andreas A},
	journal = {17th IFAC Symposium on Control in Transportation Systems},
	pages = {114--119},
	title = {A Mobility Equity Metric for Multi-Modal Intelligent Transportation Systems},
	year = {2024}}

@article{bang2024confidence,
	author = {Bang, Heeseung and Dave, Aditya and Malikopoulos, Andreas A},
	title = {Safe Merging in Mixed Traffic with Confidence},
	year = {2024 (in review)}}

@inproceedings{bang2023exploring,
	author = {Bang, Heeseung and Holden, Jacob and Mahbub, AM and Gonder, Jeffrey and Malikopoulos, Andreas A},
	booktitle = {Transportation Research Board 102nd Annual Meeting},
	title = {Exploring Microsimulation Process for Energy Impact Evaluation of Connected and Automated Vehicles},
	year = {2023}}

@article{dave2024airecommend,
	author = {Dave, Aditya and Bang, Heeseung and Malikopoulos, Andreas A},
	doi = {10.1109/LCSYS.2024.3410145},
	journal = {IEEE Control Systems Letters},
	pages = {1379-1384},
	title = {A Framework for Effective AI Recommendations in Cyber-Physical-Human Systems},
	volume = {8},
	year = {2024},
	bdsk-url-1 = {https://doi.org/10.1109/LCSYS.2024.3410145}}

@article{le2024controller,
	arxivid = {arXiv:2403.04881},
	author = {Le, Viet-Anh and Malikopoulos, Andreas A},
	journal = {arXiv preprint arXiv:2403.04881},
	title = {{Controller Adaptation via Learning Solutions of Contextual Bayesian Optimization}},
	year = {2024}}

@article{venkatesh2023stochastic,
	author = {Venkatesh, Nishanth and Dave, Aditya and Faros, Ioannis and Malikopoulos, Andreas A},
	journal = {European Journal of Control},
	title = {Stochastic Control with Distributionally Robust Constraints for Cyber-Physical Systems Vulnerable to Attacks},
	year = {2024 (accepted)(arXiv:2311.03666)}}

@inproceedings{le2023multirobot,
	author = {Le, Viet-Anh and Chalaki, Behdad and Tadiparthi, Vaishnav and Mahjoub, Hossein Nourkhiz and D'sa, Jovin and Moradi-Pari, Ehsan and Malikopoulos, Andreas A},
	booktitle = {2024 IEEE International Conference on Robotics and Automation (ICRA)},
	organization = {IEEE},
	pages = {4834--4840},
	title = {{Multi-Robot Cooperative Navigation in Crowds: A Game-Theoretic Learning-Based Model Predictive Control Approach}},
	year = {2024}}

@article{faros2023adherence,
	author = {Faros, Ioannis and Dave, Aditya and Malikopoulos, Andreas A.},
	doi = {10.1109/LCSYS.2023.3339591},
	journal = {IEEE Control Systems Letters},
	pages = {3645-3650},
	title = {A Q-Learning Approach for Adherence-Aware Recommendations},
	volume = {7},
	year = {2023},
	bdsk-url-1 = {https://doi.org/10.1109/LCSYS.2023.3339591}}


@article{le2024stochastic,
	arxivid = {arXiv:2203.17106},
	title={{Stochastic time-optimal trajectory planning for connected and automated vehicles in mixed-traffic merging scenarios}},
	author={Le, Viet-Anh and Chalaki, Behdad and Tzortzoglou, Filippos N and Malikopoulos, Andreas A},
	journal={IEEE Transactions on Control Systems Technology},
	year={2024},
	publisher={IEEE}}
	
@article{tzortzoglou2023approach,
	author = {Tzortzoglou, Filippos N and Theodosis, Dionysios and Malikopoulos, Andreas},
	journal = {103th Transportation Research Board Annual Meeting (TRB)},
	title = {An Approach for Optimizing Acceleration in Connected and Automated Vehicles},
	year = {2023}}

@inproceedings{Nishanth2023AISmerging,
	author = {Venkatesh, Nishanth and Le, Viet-Anh and Dave, Aditya and Malikopoulos, Andreas A},
	booktitle = {Proceedings of the 62nd IEEE Conference on Decision and Control (CDC)},
	organization = {IEEE},
	pages = {92--97},
	title = {Connected and Automated Vehicles in Mixed-Traffic: Learning Human Driver Behavior for Effective On-Ramp Merging},
	year = {2023}}

@inproceedings{Le2023CDC,
	arxivid = {arXiv:2304.05314},
	author = {Le, Viet-Anh and Wang, Hao M and Orosz, Gabor and Malikopoulos, Andreas A},
	booktitle = {2023 62nd IEEE Conference on Decision and Control (CDC)},
	organization = {IEEE},
	pages = {4150--4155},
	title = {{Coordination for Connected Automated Vehicles at Merging Roadways in Mixed Traffic Environment}},
	year = {2023}}

@inproceedings{Valencia2023CCTA,
	author = {Valencia, Alejandra and Malikopoulos, Andreas A},
	booktitle = {Proceedings of 7th IEEE Conference on Control Technology and Applications (CCTA) 2023},
	date-modified = {2023-11-17 20:35:58 -0500},
	pages = {620-625},
	title = {{On Safety of Passengers Entering a Bus Rapid Transit System from Scheduled Stops}},
	year = {2023}}

@inproceedings{Le2023ACC,
	arxivid = {arXiv:2210.00700},
	author = {Le, Viet-Anh and Malikopoulos, Andreas A},
	booktitle = {2023 American Control Conference (ACC)},
	organization = {IEEE},
	pages = {1183--1188},
	title = {Optimal weight adaptation of model predictive control for connected and automated vehicles in mixed traffic with Bayesian optimization},
	year = {2023}}

@article{mahbub2023_automatica,
	author = {Mahbub, AM Ishtiaque and Le, Viet-Anh and Malikopoulos, Andreas A},
	journal = {Automatica},
	pages = {111115},
	publisher = {Elsevier},
	title = {A Safety-Prioritized Receding Horizon Control Framework for Platoon Formation in a Mixed Traffic Environment},
	volume = {155},
	year = {2023}}

@inproceedings{mahbub2022_ifac,
	author = {{Mahbub}, A M Ishtiaque and {Le}, Viet-Anh and {Malikopoulos}, Andreas A.},
	booktitle = {10th IFAC International Symposium on Advances in Automotive Control},
	date-modified = {2022-09-01 18:18:48 -0400},
	organization = {IFAC},
	pages = {51--56},
	title = {Safety-Aware and Data-Driven Predictive Control for Connected Automated Vehicles at a Mixed Traffic Signalized Intersection},
	year = {2022}}

@inproceedings{Le2022CDC,
	arxivid = {arXiv:2203.17106},
	author = {Le, Viet-Anh and Malikopoulos, Andreas A.},
	booktitle = {2022 61th IEEE Conference on Decision and Control (CDC)},
	pages = {6272-6277},
	title = {{A Cooperative Optimal Control Framework for Connected and Automated Vehicles in Mixed Traffic Using Social Value Orientation}},
	year = {2022}}

@inproceedings{dave2022additive,
	author = {Dave, Aditya and Venkatesh, Nishanth and Malikopoulos, Andreas A},
	booktitle = {Proceedings of the 2023 American Control Conference (ACC)},
	pages = {4639--4644},
	title = {On Robust Control of Partially Observed Uncertain Systems with Additive Costs},
	year = {2023}}

@inproceedings{Dave2022approx,
	author = {Dave, Aditya and Venkatesh, Nishanth and Malikopoulos, Andreas A.},
	booktitle = {Proceedings of the 61th IEEE Conference on Decision and Control (CDC)},
	pages = {4945--4950},
	title = {Approximate Information States for Worst-case Control of Uncertain Systems},
	year = {2022}}

@inproceedings{ChalakiCBF2022,
	author = {Chalaki, Behdad and Malikopoulos, Andreas A},
	booktitle = {Proceedings of the 61th IEEE Conference on Decision and Control (CDC)},
	pages = {2264-2269},
	title = {A Barrier-Certified Optimal Coordination Framework for Connected and Automated Vehicles},
	year = {2022}}

@article{bang2023optimal,
	author = {Bang, Heeseung and Malikopoulos, Andreas A},
	title = {Optimal trajectory planning meets network-level routing: Integrated control framework for emerging mobility systems},
	year = {2023 (in review, arXiv:2311.13193)}}

@article{Bang2023mem,
	author = {Bang, Heeseung and Dave, Aditya and Malikopoulos, Andreas A},
	journal = {Proceedings of the 2024 American Control Conference},
	pages = {1486--1491},
	title = {{Routing in Mixed Transportation Systems for Mobility Equity}},
	year = {2024}}

@inproceedings{Bang2023flowbased,
	author = {Bang, Heeseung and Malikopoulos, Andreas A.},
	booktitle = {Proceedings of the 62nd IEEE Conference on Decision and Control (CDC)},
	pages = {7100-7105},
	title = {A Hierarchical Approach to Optimal Flow-Based Routing and Coordination of Connected and Automated Vehicles},
	year = {2023}}

@inproceedings{Bang2022rerouting,
	author = {Bang, Heeseung and Malikopoulos, Andreas A.},
	booktitle = {Proceedings of 2023 American Control Conference (ACC)},
	pages = {4419-4424},
	title = {{{Re-Routing Strategy of Connected and Automated Vehicles Considering Coordination at Intersections}}},
	year = {2023}}

@article{Bang2022combined,
	author = {Bang, Heeseung and Chalaki, Behdad and Malikopoulos, Andreas A},
	doi = {10.1109/LCSYS.2022.3176594},
	journal = {IEEE Control Systems Letters},
	pages = {2749-2754},
	title = {{Combined Optimal Routing and Coordination of Connected and Automated Vehicles}},
	volume = {6},
	year = {2022},
	bdsk-url-1 = {https://doi.org/10.1109/LCSYS.2022.3176594}}

@inproceedings{bang2021AEMoD,
	author = {Bang, Heeseung and Malikopoulos, Andreas A.},
	booktitle = {Proceedings of 2022 American Control Conference (ACC)},
	pages = {3152--3157},
	title = {Congestion-Aware Routing, Rebalancing, and Charging Scheduling for Electric Autonomous Mobility-on-Demand System},
	year = {2022}}

@inproceedings{bang2021energy,
	author = {Bang, Heeseung and Beaver, Logan E and Malikopoulos, Andreas A},
	booktitle = {2021 29th Mediterranean Conference on Control and Automation (MED)},
	organization = {IEEE},
	pages = {1228--1233},
	title = {Energy-Optimal Goal Assignment of Multi-Agent System with Goal Trajectories in Polynomials},
	year = {2021}}

@inproceedings{Valencia2022,
	author = {Valencia, A. and Mahbub, A M Ishtiaque and Malikopoulos, Andreas A},
	booktitle = {30th Mediterranean Conference on Control and Automation},
	pages = {1053--1058},
	title = {Performance Analysis of Optimally Coordinated Connected Automated Vehicles in a Mixed Traffic Environment},
	year = {2022}}

@article{mahbub2022NHM,
	author = {Mahbub, A M Ishtiaque and Chalaki, Behdad and Malikopoulos, Andreas A},
	date-modified = {2023-10-30 09:24:17 -0400},
	journal = {Network and Heterogeneous Media, Special Issue: Traffic and Autonomy},
	number = {3},
	pages = {982--1005},
	title = {A Constrained Optimal Control Framework for Vehicle Platoons with Delayed Communication},
	volume = {18},
	year = {2023}}

@article{Malikopoulos2022a,
	author = {Malikopoulos, Andreas A},
	date-added = {2021-12-11 11:31:18 -0500},
	date-modified = {2023-03-23 18:37:17 -0400},
	journal = {Automatica},
	number = {110912},
	title = {Separation of Learning and Control for Cyber-Physical Systems},
	volume = {151},
	year = {2023}}

@article{mahbub2022ACC,
	author = {{Mahbub}, A M Ishtiaque and {Malikopoulos}, Andreas A.},
	date-modified = {2022-06-11 09:34:23 -0400},
	journal = {Proceedings of 2022 American Control Conference (ACC)},
	pages = {4746--4751},
	title = {{Platoon Formation in a Mixed Traffic Environment: A Model-Agnostic Optimal Control Approach}},
	year = {2022}}

@inproceedings{remer2019multi,
	author = {Remer, Ben and Malikopoulos, Andreas A},
	booktitle = {2019 American Control Conference (ACC)},
	organization = {IEEE},
	pages = {5304--5309},
	title = {The multi-objective dynamic traveling salesman problem: Last mile delivery with unmanned aerial vehicles assistance},
	year = {2019}}

@inproceedings{Kumaravel:2021uk,
	author = {Kumaravel, S.D. and Malikopoulos, Andreas A and Ayyagari, R.},
	booktitle = {2021 American Control Conference (ACC)},
	date-added = {2021-07-29 08:27:30 -0400},
	date-modified = {2022-03-10 10:27:20 -0500},
	doi = {10.23919/ACC50511.2021.9483390},
	isbn = {2378-5861},
	journal = {2021 American Control Conference (ACC)},
	journal1 = {2021 American Control Conference (ACC)},
	pages = {2055--2060},
	title = {Decentralized Cooperative Merging of Platoons of Connected and Automated Vehicles at Highway On-Ramps},
	ty = {CONF},
	year = {2021},
	year1 = {25-28 May 2021},
	bdsk-url-1 = {https://doi.org/10.23919/ACC50511.2021.9483390}}

@article{Kumaravel:2021wi,
	author = {Kumaravel, S.D. and Malikopoulos, Andreas A and Ayyagari, R.},
	date-added = {2021-07-29 08:27:22 -0400},
	date-modified = {2022-08-28 21:26:44 -0400},
	journal = {IEEE Transactions on Intelligent Vehicles},
	number = {2},
	pages = {186---197},
	title = {Optimal Coordination of Platoons of Connected and Automated Vehicles at Signal-Free Intersections},
	volume = {7},
	year = {2022},
	bdsk-url-1 = {https://doi.org/10.1109/TIV.2021.3096993}}

@article{Malikopoulos2021,
	author = {Malikopoulos, Andreas A},
	date-added = {2021-03-02 09:10:15 -0500},
	date-modified = {2023-09-05 09:12:42 -0400},
	journal = {IEEE Transactions on Automatic Control},
	number = {7},
	pages = {3915--3930},
	title = {On Team Decision Problems with Nonclassical Information Structures},
	volume = {68},
	year = {2023}}

@inproceedings{chalaki2021RobustGP,
	author = {Chalaki, Behdad and Malikopoulos, Andreas A},
	booktitle = {2022 American Control Conference (ACC)},
	pages = {2154--2159},
	title = {Robust Learning-Based Trajectory Planning for Emerging Mobility Systems},
	year = {2022}}

@inproceedings{Sumanth2021,
	author = {Krishna Sumanth Nakka, Sai and Chalaki, Behdad and Malikopoulos, Andreas A.},
	booktitle = {2022 American Control Conference (ACC)},
	pages = {3297--3302},
	title = {A Multi-Agent Deep Reinforcement Learning Coordination Framework for Connected and Automated Vehicles at Merging Roadways},
	year = {2022}}

@inproceedings{Ray2021DigitalCity,
	author = {Zayas, Raymond M. and Beaver, Logan E. and Chalaki, Behdad and Bang, Heeseung and Malikopoulos, Andreas A.},
	booktitle = {2022 2nd Annual International Conference on Digital Twins and Parallel Intelligence (DTPI)},
	organization = {IEEE},
	pages = {1--6},
	title = {A Digital Smart City for Emerging Mobility Systems},
	year = {2022}}

@article{chalaki2021CSM,
	author = {Chalaki, Behdad and Beaver, Logan E. and Mahbub, A M Ishtiaque and Bang, Heeseung and Malikopoulos, Andreas A.},
	date-modified = {2022-11-23 08:51:56 -0500},
	journal = {IEEE Control Systems},
	number = {6},
	pages = {20--34},
	title = {A Research and Educational Robotic Testbed for Real-time Control of Emerging Mobility Systems: From Theory to Scaled Experiments},
	volume = {42},
	year = {2022}}

@article{chalaki2021Reseq,
	author = {Chalaki, Behdad and Malikopoulos, Andreas A.},
	doi = {10.1109/LCSYS.2021.3133416},
	journal = {IEEE Control Systems Letters},
	pages = {1772-1777},
	title = {A Priority-Aware Replanning and Resequencing Framework for Coordination of Connected and Automated Vehicles},
	volume = {6},
	year = {2022},
	bdsk-url-1 = {https://doi.org/10.1109/LCSYS.2021.3133416}}

@inproceedings{K122021AExperiment,
	author = {Ratnagiri, Meera and O'Dwyer, Clare and Beaver, Logan E. and Chalaki, Behdad and Bang, Heeseung and Malikopoulos, Andreas A.},
	booktitle = {2022 25th International Conference on Intelligent Transportation Systems (ITSC)},
	organization = {IEEE},
	pages = {4163--4168},
	title = {A Scalable Last-Mile Delivery Service: From Simulation to Scaled Experiment},
	year = {2022}}

@inproceedings{chalaki2020hysteretic,
	arxivid = {2011.03137},
	author = {Chalaki, Behdad and Malikopoulos, Andreas A},
	booktitle = {2021 European Control Conferences (ECC)},
	pages = {17--22},
	title = {A Hysteretic Q-learning Coordination Framework for Emerging Mobility Systems in Smart Cities},
	year = {2021}}

@article{Connor2020ImpactConnectivity,
	author = {W. D. {Connor} and Y. {Wang} and Malikopoulos, Andreas A and S. G. {Advani} and A. K. {Prasad}},
	date-modified = {2022-02-20 08:59:22 -0500},
	journal = {IEEE Transactions on Intelligent Vehicles},
	number = {1},
	pages = {14--23},
	title = {Impact of Connectivity on Energy Consumption and Battery Life for Electric Vehicles},
	volume = {6},
	year = {2020},
	bdsk-url-1 = {https://doi.org/10.1109/TIV.2020.3032642}}

@article{mahbub2021_platoonMixed,
	arxivid = {2103.03393},
	author = {Mahbub, A M Ishtiaque and Malikopoulos, Andreas A},
	date-modified = {2021-06-07 19:07:09 -0400},
	journal = {IEEE Control Systems Letters (LCSS)},
	pages = {1370--1375},
	title = {{A Platoon Formation Framework in a Mixed Traffic Environment}},
	volume = {6},
	year = {2021}}

@article{mahbub2020Automatica-2,
	arxivid = {2005.14551},
	author = {Mahbub, A M Ishtiaque and Malikopoulos, Andreas A},
	date-modified = {2021-06-09 09:12:59 -0400},
	doi = {https://doi.org/10.1016/j.automatica.2021.109751},
	journal = {Automatica},
	number = {109751},
	title = {{Conditions to Provable System-Wide Optimal Coordination of Connected and Automated Vehicles}},
	volume = {131},
	year = {2021},
	bdsk-url-1 = {https://doi.org/10.1016/j.automatica.2021.109751}}

@inproceedings{Dave2023infhorizon,
	author = {Dave, Aditya and Faros, Ioannis and Venkatesh, Nishanth and Malikopoulos, Andreas A},
	booktitle = {Proceedings of the 62nd IEEE Conference on Decision and Control (CDC)},
	organization = {IEEE},
	pages = {6014--6019},
	title = {Worst-Case Control and Learning Using Partial Observations Over an Infinite Time Horizon},
	year = {2023}}

@article{Dave2023approximate,
	arxivid = {2301.05089},
	author = {Dave, Aditya and Venkatesh, Nishanth and Malikopoulos, Andreas A},
	journal = {arXiv:2301.05089 (in review)},
	title = {{Approximate Information States for Worst-Case Control and Learning in Uncertain Systems}},
	year = {2023}}

@inproceedings{Dave2021nestedaccess,
	author = {Dave, Aditya and Venkatesh, Nishanth and Malikopoulos, Andreas A},
	booktitle = {2022 American Control Conference (ACC)},
	organization = {IEEE},
	pages = {3423--3430},
	title = {Decentralized Control of Two Agents with Nested Accessible Information},
	year = {2022}}

@inproceedings{Dave2021minimax,
	author = {Dave, Aditya and Venkatesh, Nishanth and Malikopoulos, Andreas A},
	booktitle = {2022 American Control Conference (ACC)},
	organization = {IEEE},
	pages = {3437--3444},
	title = {On Decentralized Minimax Control with Nested Subsystems},
	year = {2022}}

@inproceedings{Dave2021a,
	author = {Dave, Aditya and Malikopoulos, Andreas A},
	booktitle = {2021 IEEE Conference on Decision and Control (CDC)},
	organization = {IEEE},
	pages = {3768--3773},
	title = {A Dynamic Program for a Team of Two Agents with Nested Information},
	year = {2021}}

@article{Dave2020SocialMedia,
	author = {Dave, Aditya and Chremos, Ioannis Vasileios and Malikopoulos, Andreas A},
	doi = {10.1109/TAC.2021.3087466},
	journal = {IEEE Transactions on Automatic Control},
	number = {5},
	pages = {2633--2639},
	title = {Social Media and Misleading Information in a Democracy: A Mechanism Design Approach},
	volume = {67},
	year = {2022},
	bdsk-url-1 = {https://doi.org/10.1109/TAC.2021.3087466}}

@article{Dave2020,
	arxivid = {1907.12125},
	author = {Dave, Aditya and Malikopoulos, Andreas A},
	date-added = {2020-01-28 11:20:06 -0500},
	date-modified = {2022-01-14 12:39:18 -0500},
	journal = {arXiv preprint, arXiv:1907.12125},
	title = {{The Prescription Approach for Decentralized Stochastic Control with Word-of-Mouth Communication}},
	year = {2021}}

@inproceedings{Dave2020a,
	author = {Dave, Aditya and Malikopoulos, Andreas A},
	booktitle = {2020 American Control Conference (ACC)},
	organization = {IEEE},
	pages = {2796--2801},
	title = {Structural results for decentralized stochastic control with a word-of-mouth communication},
	year = {2020}}

@article{dave2019decentralized,
	author = {Dave, Aditya and Malikopoulos, Andreas A},
	journal = {IFAC-PapersOnLine},
	number = {20},
	pages = {97--102},
	publisher = {Elsevier},
	title = {Decentralized stochastic control in partially nested information structures},
	volume = {52},
	year = {2019}}

@article{Malikopoulos2020,
	author = {Malikopoulos, Andreas A and Beaver, Logan E and Chremos, Ioannis Vasileios},
	date-added = {2020-04-09 09:55:03 -0400},
	date-modified = {2022-02-20 09:00:21 -0500},
	journal = {Automatica},
	number = {109469},
	title = {Optimal Time Trajectory and Coordination for Connected and Automated Vehicles},
	volume = {125},
	year = {2021}}

@inproceedings{assanis2018ITSC,
	author = {Assanis, Dimitris and Zhao, Liuhui and Malikopoulos, Andreas A.},
	booktitle = {2018 21st International Conference on Intelligent Transportation Systems (ITSC)},
	date-added = {2020-01-28 11:22:31 -0500},
	date-modified = {2020-01-28 11:22:31 -0500},
	organization = {IEEE},
	pages = {3668--3673},
	title = {Characterization of the new class of driving cycles for connected and automated vehicles},
	year = {2018}}

@inproceedings{Mahbub2019ACC,
	author = {Mahbub, A M Ishtiaque and Zhao, Liuhui and Assanis, Dimitris and Malikopoulos, Andreas A},
	booktitle = {Proceedings of 2019 American Control Conference},
	date-added = {2020-01-28 11:22:31 -0500},
	date-modified = {2020-01-28 11:22:31 -0500},
	pages = {2664--2669},
	title = {{Energy-Optimal Coordination of Connected and Automated Vehicles at Multiple Intersections}},
	year = {2019}}

@article{Mahbub2020ACC-1,
	author = {Mahbub, A M Ishtiaque and Malikopoulos, Andreas A},
	date-added = {2020-01-28 11:22:31 -0500},
	date-modified = {2020-01-28 11:22:31 -0500},
	journal = {Proceedings of 2020 American Control Conference},
	pages = {436--441},
	title = {Conditions for State and Control Constraint Activation in Coordination of Connected and Automated Vehicles},
	year = {2020}}

@inproceedings{mahbub2020ACC-2,
	author = {Mahbub, A M Ishtiaque and Malikopoulos, Andreas A and Zhao, L.},
	booktitle = {Proceedings of 2020 American Control Conference, 2020},
	date-added = {2020-01-28 11:22:31 -0500},
	date-modified = {2022-02-20 08:59:02 -0500},
	organization = {IEEE},
	pages = {1185--1190},
	title = {Impact of Connected and Automated Vehicles in a Corridor},
	year = {2020}}

@article{mahbub2020decentralized,
	author = {Mahbub, AM Ishtiaque and Malikopoulos, Andreas A and Zhao, Liuhui},
	date-modified = {2021-06-09 09:17:44 -0400},
	journal = {Automatica},
	number = {108958},
	publisher = {Elsevier},
	title = {Decentralized optimal coordination of connected and automated vehicles for multiple traffic scenarios},
	volume = {117},
	year = {2020}}

@inproceedings{mahbub2020sae-1,
	author = {Mahbub, A M Ishtiaque and Karri, V. and Parikh, Darshil and Jade, S. and Malikopoulos, Andreas A},
	booktitle = {SAE Technical Paper 2020-01-0579},
	date-added = {2020-01-28 11:22:31 -0500},
	date-modified = {2022-02-20 08:57:07 -0500},
	doi = {10.4271/2020-01-0579},
	organization = {SAE International},
	title = {A Decentralized Time- and Energy-Optimal Control Framework for Connected Automated Vehicles: From Simulation to Field Test},
	year = {2020},
	bdsk-url-1 = {https://doi.org/10.4271/2020-01-0579}}

@inproceedings{mahbub2020sae-2,
	author = {Mahbub, A M Ishtiaque and Malikopoulos, Andreas A},
	booktitle = {SAE Technical Paper 2020-01-0580},
	date-added = {2020-01-28 11:22:31 -0500},
	date-modified = {2022-02-20 08:57:51 -0500},
	doi = {10.4271/2020-01-0580},
	organization = {SAE International},
	title = {Concurrent Optimization of Vehicle Dynamics and Powertrain Operation Using Connectivity and Automation},
	year = {2020},
	bdsk-url-1 = {https://doi.org/10.4271/2020-01-0580}}

@inproceedings{Malikopoulos2018b,
	author = {Stager, Adam and Bhan, L. and Malikopoulos, Andreas A and Zhao, Liuhui},
	booktitle = {15th IFAC Symposium on Control in Transportation Systems},
	date-added = {2020-01-28 11:22:31 -0500},
	date-modified = {2020-01-28 11:22:31 -0500},
	pages = {130--135},
	title = {A Scaled Smart City for Experimental Validation of Connected and Automated Vehicles},
	year = {2018}}

@inproceedings{malikopoulos2019ACC,
	author = {Malikopoulos, Andreas A and Zhao, Liuhui},
	booktitle = {2019 American Control Conference (ACC)},
	date-added = {2020-01-28 11:22:31 -0500},
	date-modified = {2020-01-28 11:22:31 -0500},
	organization = {IEEE},
	pages = {3599--3604},
	title = {A closed-form analytical solution for optimal coordination of connected and automated vehicles},
	year = {2019}}

@inproceedings{Malikopoulos2019CDC,
	author = {Malikopoulos, Andreas A and Zhao, Liuhui},
	booktitle = {Proceedings of the 58th IEEE Conference on Decision and Control, 2019},
	date-added = {2020-01-28 11:22:31 -0500},
	date-modified = {2020-01-28 11:22:31 -0500},
	organization = {IEEE},
	pages = {1261--1266},
	title = {Optimal Path Planning for Connected and Automated Vehicles at Urban Intersections},
	year = {2019}}

@inproceedings{Zhao2018CTA,
	author = {Zhao, Liuhui and Malikopoulos, Andreas A and Rios-Torres, Jackeline},
	booktitle = {15th IFAC Symposium on Control in Transportation Systems},
	date-added = {2020-01-28 11:22:31 -0500},
	date-modified = {2020-01-28 11:22:31 -0500},
	pages = {73--78},
	title = {Optimal Control of Connected and Automated Vehicles at Roundabouts: An Investigation in a Mixed-Traffic Environment},
	year = {2018}}

@inproceedings{Zhao2018ITSC,
	author = {L. Zhao and Malikopoulos, Andreas A},
	booktitle = {2018 21st International Conference on Intelligent Transportation Systems (ITSC)},
	date-added = {2020-01-28 11:22:31 -0500},
	date-modified = {2022-02-20 08:58:37 -0500},
	doi = {10.1109/ITSC.2018.8569229},
	issn = {2153-0017},
	keywords = {Merging;Optimal control;Acceleration;Silicon;Monitoring;Roads},
	month = {Nov},
	pages = {1252-1257},
	title = {Decentralized Optimal Control of Connected and Automated Vehicles in a Corridor},
	year = {2018},
	bdsk-url-1 = {https://doi.org/10.1109/ITSC.2018.8569229}}

@article{Zhao2019CCTA-1,
	author = {Zhao, Liuhui and Mahbub, A M Ishtiaque and Malikopoulos, Andreas A},
	date-added = {2020-01-28 11:22:31 -0500},
	date-modified = {2020-01-28 11:22:31 -0500},
	journal = {Proceedings of 2019 IEEE Conference on Control Technology and Applications (CCTA)},
	pages = {33-38},
	title = {Optimal Vehicle Dynamics and Powertrain Control for Connected and Automated Vehicles},
	year = {2019}}

@inproceedings{zhao2019CCTA-2,
	author = {Zhao, Liuhui and Malikopoulos, Andreas A and Rios-Torres, Jackeline},
	booktitle = {Proceedings of 2019 IEEE Conference on Control Technology and Applications (CCTA)},
	date-added = {2020-01-28 11:22:31 -0500},
	date-modified = {2020-01-28 11:22:31 -0500},
	organization = {IEEE},
	pages = {882--887},
	title = {On the Traffic Impacts of Optimally Controlled Connected and Automated Vehicles},
	year = {2019}}

@article{zhao2019enhanced,
	author = {Zhao, Liuhui and Malikopoulos, Andreas A},
	date-added = {2020-01-28 11:22:31 -0500},
	date-modified = {2022-01-14 13:31:39 -0500},
	journal = {IEEE Intelligent Transportation Systems Magazine},
	number = {1},
	pages = {87--102},
	title = {Enhanced mobility with connectivity and automation: A review of shared autonomous vehicle systems},
	volume = {14},
	year = {2022}}

@inproceedings{chalaki2020experimental,
	arxivid = {2001.11176},
	author = {Chalaki, Behdad and Beaver, Logan E and Malikopoulos, Andreas A},
	booktitle = {31st IEEE Intelligent Vehicles Symposium (IV)},
	pages = {504--509},
	title = {Experimental Validation of a Real-Time Optimal Controller for Coordination of CAVs in a Multi-Lane Roundabout},
	year = {2020}}

@article{chremos2023AtomicRouting,
	author = {Chremos, Ioannis Vasileios and Bang, Heeseung and Dave, Aditya and Le, Viet-Anh and Malikopoulos, Andreas A.},
	journal = {arXiv:2303.17790},
	title = {Modeling Travel Behavior in Mobility Systems with an Atomic Routing Game and Prospect Theory},
	year = {2023}}

@article{chremos2022CSMArticle,
	author = {Chremos, Ioannis Vasileios and Malikopoulos, Andreas A},
	date-modified = {2024-05-28 12:54:36 -0400},
	journal = {IEEE Control Systems},
	number = {1},
	pages = {20--45},
	title = {Mechanism Design Theory in Control Engineering: A Tutorial and Overview of Applications in Communication, Power Grid, Transportation, and Security Systems},
	volume = {44},
	year = {2024}}

@inproceedings{chremos2022Equity,
	author = {Chremos, Ioannis Vasileios and Malikopoulos, Andreas A.},
	booktitle = {2023 American Control Conference (ACC)},
	date-modified = {2023-11-17 20:33:34 -0500},
	pages = {1698--1703},
	title = {Mobility Equity and Economic Sustainability Using Game Theory},
	year = {2023}}

@article{chremos2022Prospect,
	author = {Chremos, Ioannis Vasileios and Malikopoulos, Andreas A.},
	journal = {PLoS ONE},
	title = {A traveler-centric mobility game: Efficiency and stability under rationality and prospect theory},
	volume = {18(5):e0285322},
	year = {2023}}

@inproceedings{chremos2021MobilityGame,
	author = {Chremos, Ioannis Vasileios and Malikopoulos, Andreas A.},
	booktitle = {2022 American Control Conference (ACC)},
	date-modified = {2022-06-11 09:33:02 -0400},
	pages = {1254--1259},
	title = {An Analytical Study of a Two-Sided Mobility Game},
	year = {2022}}

@incollection{chremos2020MobilityMarket,
	arxivid = {2011.14399},
	author = {Chremos, Ioannis Vasileios and Malikopoulos, Andreas A.},
	booktitle = {AI-enabled Technologies for Autonomous and Connected Vehicles},
	editor = {Kolmanovsky, I. and Murphey, Y. and Watta, P.},
	publisher = {Springer},
	title = {Socioeconomic Impact of Emerging Mobility Markets and Implementation Strategies},
	year = {2023}}

@inproceedings{chremos2020SharedMobility,
	author = {Chremos, Ioannis Vasileios and Malikopoulos, Andreas A.},
	booktitle = {2021 European Control Conference (ECC)},
	pages = {375--380},
	title = {Design and Stability Analysis of a Shared Mobility Market},
	year = {2021}}

@inproceedings{Chremos2020MechanismDesign,
	author = {Chremos, Ioannis Vasileios and Malikopoulos, Andreas A.},
	booktitle = {Proceedings of the 59th IEEE Conference on Decision and Control (CDC), 2020},
	pages = {2642--2647},
	title = {Social Resource Allocation in a Mobility System with Connected and Automated Vehicles: A Mechanism Design Problem},
	year = {2020}}

@inproceedings{Chremos2020SocialDilemma,
	author = {Chremos, Ioannis Vasileios and Beaver, Logan E. and Malikopoulos, Andreas A.},
	booktitle = {2020 23rd International Conference on Intelligent Transportation Systems (ITSC)},
	organization = {IEEE},
	pages = {2214--2219},
	title = {A Game-Theoretic Analysis of the Social Impact of Connected and Automated Vehicles},
	year = {2020}}

@article{chalaki2020TITS,
	arxivid = {1911.04082},
	author = {Chalaki, Behdad and Malikopoulos, Andreas A},
	date-modified = {2024-08-23 16:05:31 -0400},
	doi = {10.1109/TITS.2021.3123479},
	journal = {IEEE Transactions on Intelligent Transportation Systems},
	number = {8},
	pages = {13330-13345},
	title = {Time-Optimal Coordination for Connected and Automated Vehicles at Adjacent Intersections},
	volume = {23},
	year = {2021},
	bdsk-url-1 = {https://doi.org/10.1109/TITS.2021.3123479}}

@article{chalaki2020TCST,
	arxivid = {2008.02379},
	author = {Chalaki, Behdad and Malikopoulos, Andreas A},
	doi = {10.1109/TCST.2021.3082306},
	journal = {IEEE Transactions on Control Systems Technology},
	number = {3},
	pages = {972--984},
	title = {Optimal Control of Connected and Automated Vehicles at Multiple Adjacent Intersections},
	volume = {30},
	year = {2022},
	bdsk-url-1 = {https://doi.org/10.1109/TCST.2021.3082306}}

@inproceedings{chalaki2019optimal,
	author = {Chalaki, Behdad and Malikopoulos, Andreas A},
	booktitle = {2019 IEEE Conference on Control Technology and Applications (CCTA)},
	date-added = {2020-01-28 11:19:40 -0500},
	date-modified = {2020-01-28 11:19:40 -0500},
	organization = {IEEE},
	pages = {888--893},
	title = {An Optimal Coordination Framework for Connected and Automated Vehicles in two Interconnected Intersections},
	year = {2019}}

@inproceedings{chalaki2020ICCA,
	arxivid = {1903.05252},
	author = {Chalaki, Behdad and Beaver, Logan E and Remer, Ben and Jang, Kathy and Vinitsky, Eugene and Bayen, Alexandre and Malikopoulos, Andreas A},
	booktitle = {IEEE 16th International Conference on Control \& Automation (ICCA)},
	pages = {35--40},
	title = {Zero-shot autonomous vehicle policy transfer: From simulation to real-world via adversarial learning},
	year = {2020}}

@inproceedings{jang2019simulation,
	author = {Jang, Kathy and Vinitsky, Eugene and Chalaki, Behdad and Remer, Ben and Beaver, Logan and Malikopoulos, Andreas A and Bayen, Alexandre},
	booktitle = {Proceedings of the 10th ACM/IEEE International Conference on Cyber-Physical Systems},
	date-added = {2020-01-28 11:19:40 -0500},
	date-modified = {2020-01-28 11:19:40 -0500},
	pages = {291--300},
	title = {Simulation to scaled city: zero-shot policy transfer for traffic control via autonomous vehicles},
	year = {2019}}

@article{Beaver2020AnAgents,
	arxivid = {1910.09514},
	author = {Beaver, Logan E and Malikopoulos, Andreas A},
	journal = {Systems \& Control Letters},
	month = {April},
	title = {{An Energy-Optimal Framework for Assignment and Trajectory Generation in Teams of Autonomous Agents}},
	volume = {138},
	year = {2020}}

@article{Beaver2020AnFlockingb,
	arxivid = {2009.14279},
	author = {Beaver, Logan E and Malikopoulos, Andreas A},
	journal = {Annual Reviews in Control},
	pages = {88-99},
	title = {{An Overview on Optimal Flocking}},
	volume = {51},
	year = {2021}}

@article{Beaver2020DemonstrationCity,
	arxivid = {1903.01632},
	author = {Beaver, Logan E and Chalaki, Behdad and Mahbub, A M and Zhao, Liuhui and Zayas, Ray and Malikopoulos, Andreas A},
	journal = {Vehicle System Dynamics},
	number = {5},
	pages = {787-804},
	title = {{Demonstration of a Time-Efficient Mobility System Using a Scaled Smart City}},
	volume = {58},
	year = {2020}}

@inproceedings{Beaver2020AnFlocking,
	arxivid = {1909.12330},
	author = {Beaver, Logan E and Kroninger, Chris and Malikopoulos, Andreas A},
	booktitle = {2020 American Control Conference},
	pages = {683-688},
	title = {{An Optimal Control Approach to Flocking}},
	year = {2020}}

@inproceedings{Beaver2020BeyondFlocking,
	arxivid = {2003.07310},
	author = {Beaver, Logan E and Malikopoulos, Andreas A},
	booktitle = {IEEE 59th Conference on Decision and Control},
	pages = {208-213},
	title = {{Beyond Reynolds: A Constraint-Driven Approach to Cluster Flocking}},
	year = {2020}}

@inproceedings{Beaver2019AGeneration,
	arxivid = {1809.08648},
	author = {Beaver, Logan E and Malikopoulos, Andreas A},
	booktitle = {IEEE 58th Conference on Decision and Control},
	pages = {879-884},
	title = {{A Decentralized Control Framework for Energy-Optimal Goal Assignment and Trajectory Generation}},
	year = {2019}}

@inproceedings{Beaver2020Energy-OptimalConstraints,
	arxivid = {2009.00588},
	author = {Beaver, Logan E and Dorothy, Michael and Kroninger, Christopher and Malikopoulos, Andreas A},
	booktitle = {2021 American Control Conference},
	pages = {1037-1042},
	title = {{Energy-Optimal Motion Planning for Agents: Barycentric Motion and Collision Avoidance Constraints}},
	year = {2021}}

@article{Beaver2021DifferentialTime,
	author = {Beaver, Logan E and Malikopoulos, Andreas A},
	date-modified = {2023-11-18 19:26:50 -0500},
	journal = {Automatica},
	number = {111404},
	title = {{Optimal Control of Differentially Flat Systems is Surprisingly Easy}},
	volume = {159},
	year = {2024}}

@article{Beaver2023AStrategy,
	author = {Beaver, Logan E and Dorothy, Michael and Kroninger, Christopher and Malikopoulos, Andreas A},
	journal = {arXiv:2209.11664 (in review)},
	title = {{A Constraint-Driven Approach to Line Flocking: The V Formation as an Energy-Saving Strategy}},
	year = {2023}}

@article{Beaver2021Constraint-DrivenStudy,
	author = {Beaver, Logan E. and Malikopoulos, Andreas A.},
	journal = {IEEE Control Systems Letters},
	pages = {1754-1759},
	title = {Constraint-Driven Optimal Control of Multi-Agent Systems: A Highway Platooning Case Study},
	volume = {6},
	year = {2022}}

@article{Beaver2021AMicrorobots,
	author = {Beaver, Logan E. and Das, Sambeeta and Malikopoulos, Andreas A.},
	journal = {(in review)},
	title = {A First-Order Approach to Model Simultaneous Control of Multiple Microrobots},
	year = {2022}}

@inproceedings{Beaver2022Constraint-DrivenAvoidance,
	author = {Beaver, Logan E. and Malikopoulos, Andreas A.},
	booktitle = {2023 American Control Conference (ACC)},
	date-modified = {2023-11-17 20:35:16 -0500},
	pages = {399--404},
	title = {Constraint-Driven Optimal Control for Emergent Swarming and Predator Avoidance},
	year = {2022}}